@book{Mller2021,
  title = {Fundamentals of Music Processing: Using Python and Jupyter Notebooks},
  author = {M\"{u}ller,  Meinard},
  ISBN = {9783030698089},
  url = {http://dx.doi.org/10.1007/978-3-030-69808-9},
  DOI = {10.1007/978-3-030-69808-9},
  publisher = {Springer International Publishing},
  year = {2021}
}

@book{Takahashi2019,
  title = {Fast Fourier Transform Algorithms for Parallel Computers},
  author = {Takahashi,  Daisuke},
  ISBN = {9789811399657},
  ISSN = {2662-3439},
  url = {http://dx.doi.org/10.1007/978-981-13-9965-7},
  DOI = {10.1007/978-981-13-9965-7},
  journal = {High-Performance Computing Series},
  publisher = {Springer Singapore},
  year = {2019}
}

@book{Vorlnder2020,
  title = {Auralization: Fundamentals of Acoustics,  Modelling,  Simulation,  Algorithms and Acoustic Virtual Reality},
  ISBN = {9783030512026},
  ISSN = {1865-0902},
  url = {http://dx.doi.org/10.1007/978-3-030-51202-6},
  DOI = {10.1007/978-3-030-51202-6},
  journal = {RWTHedition},
  publisher = {Springer International Publishing},
  author = {Vorl\"{a}nder,  Michael},
  year = {2020}
}

@phdthesis{Wefers2014,
    title   = "Partitioned convolution algorithms for real-time auralization",
    author  = "Wefers, Frank",
    ISBN    = {9783832539436},
    ISSN    = {1866-3052},
    school  = "RWTH Aachen University",
    address = "Aachen, Germany",
    year    = {2014},
}
